@dataset{metrobus,
  author    = {Secretaría de Transporte Colectivo (\textsc{stc})},
  shorthand = {\textsc{stcMb}},
  title     = {Ubicación de líneas y estaciones del Metrobús},
  year      = {2021},
  month = {1},
  publisher = {Portal de Datos Abiertos \textsc{cdmx}},
  url = {https://datos.cdmx.gob.mx/dataset/geolocalizacion-metrobus},
}

@dataset{metro,
  author    = {Secretaría de Transporte Colectivo (\textsc{stc})},
  shorthand = {\textsc{stc22}},
  title     = {Ubicación de líneas y estaciones del Sistema de Transporte
  Colectivo Metro},
  year      = {2022},
  month = {1},
  publisher = {Portal de Datos Abiertos \textsc{cdmx}},
  url = {https://datos.cdmx.gob.mx/dataset/lineas-y-estaciones-del-metro}
}

@dataset{corredorverde,
  author    = {Servicio de Transportes Eléctricos (\textsc{ste})},
  shorthand = {\textsc{ste21}},
  title     = {Ubicación de líneas y estaciones/paradas del Servicio de Transportes Eléctricos},
  year      = {2021},
  month = {10},
  publisher = {Portal de Datos Abiertos \textsc{cdmx}},
  url = {https://datos.cdmx.gob.mx/dataset/geolocalizacion-de-lineas-y-estaciones-paradas-del-servicio-de-transportes-electricos},
}